<?xml version="1.0" encoding="UTF-8"?><collection xmlns="http://www.loc.gov/MARC21/slim"><record><leader>00793nam--2200217-u-4500</leader><controlfield tag="001">000050776</controlfield><controlfield tag="002">20161230</controlfield><controlfield tag="005">20161230201048</controlfield><controlfield tag="008">080403s1000------------r-----000-0-eng-d</controlfield><datafield ind1=" " ind2=" " tag="020"><subfield code="a">3-540-54346-5</subfield></datafield><datafield ind1=" " ind2=" " tag="040"><subfield code="a">IFIN-HH</subfield></datafield><datafield ind1=" " ind2=" " tag="080"><subfield code="a">510.6</subfield></datafield><datafield ind1="1" ind2=" " tag="100"><subfield code="a">Meunier-Bouchon B</subfield></datafield><datafield ind1="1" ind2="0" tag="245"><subfield code="a">Uncertainty i Knowledge Bases</subfield><subfield code="b">3rd International Conference on Information Processing and Management of Uncertainty in Knowledge-Based Systems, IPMU '90 Paris, France, July 2-6, 1990. Proceedings</subfield><subfield code="c">B. Bouchon-Meunier, R.R. Yager, L.A. Zadeh (Eds.)</subfield></datafield><datafield ind1=" " ind2=" " tag="260"><subfield code="a">Berlin</subfield><subfield code="b">Springer-Verlag</subfield><subfield code="c">1991</subfield></datafield><datafield ind1=" " ind2=" " tag="300"><subfield code="a">607 p</subfield></datafield><datafield ind1=" " ind2=" " tag="490"><subfield code="a">Lectures Notes in Computer Science</subfield><subfield code="v">Vol.521</subfield></datafield><datafield ind1=" " ind2="4" tag="650"><subfield code="a">Mathematical Theory of Evidences</subfield></datafield><datafield ind1="1" ind2=" " tag="700"><subfield code="a">Zadeh, L.A</subfield></datafield><datafield ind1=" " ind2=" " tag="852"><subfield code="a">82037</subfield><subfield code="c">519.2</subfield></datafield><datafield ind1=" " ind2=" " tag="CAT"><subfield code="a">Sys</subfield><subfield code="c">20100621</subfield><subfield code="h">140513</subfield></datafield></record></collection>